<record><leader>00000cas a22000007a 4500</leader><controlfield tag="001">27781223</controlfield><controlfield tag="008">930323d191u19uuokuwr n       0    0eng d</controlfield><datafield ind1=" " ind2=" " tag="010"><subfield code="a">sn 93065964 </subfield></datafield><datafield ind1=" " ind2=" " tag="040"><subfield code="a">OBN</subfield><subfield code="b">eng</subfield><subfield code="c">OBN</subfield><subfield code="d">OCLCQ</subfield></datafield><datafield ind1=" " ind2=" " tag="042"><subfield code="a">msc</subfield></datafield><datafield ind1="0" ind2=" " tag="130"><subfield code="a">Haskell County leader (Stigler, Okla. : 1911)</subfield></datafield><datafield ind1="1" ind2="0" tag="245"><subfield code="a">Haskell County leader.</subfield></datafield><datafield ind1=" " ind2=" " tag="260"><subfield code="a">Stigler, Haskell County, Okla. :</subfield><subfield code="b">Eureka Pub. Co.</subfield></datafield><datafield ind1=" " ind2=" " tag="300"><subfield code="a">v.</subfield></datafield><datafield ind1=" " ind2=" " tag="310"><subfield code="a">Weekly</subfield></datafield><datafield ind1=" " ind2=" " tag="588"><subfield code="a">Description based on: Vol. 2, no. 44 (Mar. 2, 1911).</subfield></datafield><datafield ind1=" " ind2="4" tag="651"><subfield code="a">Stigler (Okla.)</subfield><subfield code="v">Newspapers.</subfield></datafield><datafield ind1=" " ind2="4" tag="651"><subfield code="a">Haskell County (Okla.)</subfield><subfield code="v">Newspapers.</subfield></datafield><datafield ind1=" " ind2=" " tag="752"><subfield code="a">United States</subfield><subfield code="b">Oklahoma</subfield><subfield code="c">Haskell</subfield><subfield code="d">Stigler.</subfield></datafield></record>